%YAML 1.1
%TAG !u! tag:unity3d.com,2011:
--- !u!114 &7404887042251554550
MonoBehaviour:
  m_ObjectHideFlags: 0
  m_CorrespondingSourceObject: {fileID: 0}
  m_PrefabInstance: {fileID: 0}
  m_PrefabAsset: {fileID: 0}
  m_GameObject: {fileID: 2924348425571647306}
  m_Enabled: 1
  m_EditorHideFlags: 0
  m_Script: {fileID: 11500000, guid: 7a5ac11cc976e418e8d13136b07e1f52, type: 3}
  m_Name: 
  m_EditorClassIdentifier: 
  m_AgentTypeID: 0
  m_CollectObjects: 0
  m_Size: {x: 10, y: 10, z: 10}
  m_Center: {x: 0, y: 2, z: 0}
  m_LayerMask:
    serializedVersion: 2
    m_Bits: 4294967295
  m_UseGeometry: 0
  m_DefaultArea: 0
  m_IgnoreNavMeshAgent: 1
  m_IgnoreNavMeshObstacle: 1
  m_OverrideTileSize: 0
  m_TileSize: 256
  m_OverrideVoxelSize: 0
  m_VoxelSize: 0.083333336
  m_BuildHeightMesh: 0
  m_NavMeshData: {fileID: 23800000, guid: 47c5d47be92d30a4791f73cce23a21b9, type: 2}
--- !u!1 &6307960559975459670
GameObject:
  m_ObjectHideFlags: 0
  m_CorrespondingSourceObject: {fileID: 0}
  m_PrefabInstance: {fileID: 0}
  m_PrefabAsset: {fileID: 0}
  serializedVersion: 6
  m_Component:
  - component: {fileID: 8161370599242882756}
  m_Layer: 0
  m_Name: RoomObjects
  m_TagString: Untagged
  m_Icon: {fileID: 0}
  m_NavMeshLayer: 0
  m_StaticEditorFlags: 0
  m_IsActive: 1
--- !u!4 &8161370599242882756
Transform:
  m_ObjectHideFlags: 0
  m_CorrespondingSourceObject: {fileID: 0}
  m_PrefabInstance: {fileID: 0}
  m_PrefabAsset: {fileID: 0}
  m_GameObject: {fileID: 6307960559975459670}
  m_LocalRotation: {x: 0, y: 0, z: 0, w: 1}
  m_LocalPosition: {x: 0, y: 0, z: 0}
  m_LocalScale: {x: 1, y: 1, z: 1}
  m_Children:
  - {fileID: 2924348425571647309}
  - {fileID: 8334426611748283950}
  - {fileID: 2615435000699665126}
  - {fileID: 2615435001892855211}
  - {fileID: 2615435000138272932}
  - {fileID: 2242815883051488480}
  - {fileID: 2242815883247263224}
  - {fileID: 2242815884375051869}
  - {fileID: 2242815883695833459}
  m_Father: {fileID: 2654167116940633321}
  m_RootOrder: 3
  m_LocalEulerAnglesHint: {x: 0, y: 0, z: 0}
--- !u!1 &7121575897354965814
GameObject:
  m_ObjectHideFlags: 0
  m_CorrespondingSourceObject: {fileID: 0}
  m_PrefabInstance: {fileID: 0}
  m_PrefabAsset: {fileID: 0}
  serializedVersion: 6
  m_Component:
  - component: {fileID: 2654167116940633321}
  - component: {fileID: 542675380486281294}
  m_Layer: 0
  m_Name: Room4Columns
  m_TagString: Untagged
  m_Icon: {fileID: 0}
  m_NavMeshLayer: 0
  m_StaticEditorFlags: 0
  m_IsActive: 1
--- !u!4 &2654167116940633321
Transform:
  m_ObjectHideFlags: 0
  m_CorrespondingSourceObject: {fileID: 0}
  m_PrefabInstance: {fileID: 0}
  m_PrefabAsset: {fileID: 0}
  m_GameObject: {fileID: 7121575897354965814}
  m_LocalRotation: {x: 0, y: 0, z: 0, w: 1}
  m_LocalPosition: {x: 0, y: 0, z: 0}
  m_LocalScale: {x: 1, y: 1, z: 1}
  m_Children:
  - {fileID: 2228758865145930870}
  - {fileID: 8870245224979148812}
  - {fileID: 6026288676164547835}
  - {fileID: 8161370599242882756}
  m_Father: {fileID: 0}
  m_RootOrder: 0
  m_LocalEulerAnglesHint: {x: 0, y: 0, z: 0}
--- !u!114 &542675380486281294
MonoBehaviour:
  m_ObjectHideFlags: 0
  m_CorrespondingSourceObject: {fileID: 0}
  m_PrefabInstance: {fileID: 0}
  m_PrefabAsset: {fileID: 0}
  m_GameObject: {fileID: 7121575897354965814}
  m_Enabled: 1
  m_EditorHideFlags: 0
  m_Script: {fileID: 11500000, guid: 8bf80d855110ea04782bdc82789144b9, type: 3}
  m_Name: 
  m_EditorClassIdentifier: 
  roomType: 1
  miniMapIcon: {fileID: 0}
  roomLights: {fileID: 0}
  enemySpawnPoints: {fileID: 0}
  roomEnemies: []
  roomItems: []
  roomDiscovered: 0
  roomActive: 0
  roomCleared: 0
--- !u!1001 &1199337866814311250
PrefabInstance:
  m_ObjectHideFlags: 0
  serializedVersion: 2
  m_Modification:
    m_TransformParent: {fileID: 2654167116940633321}
    m_Modifications:
    - target: {fileID: 1029849931350994725, guid: cbe539261fb5e2e4f909bfa9c7fc5049,
        type: 3}
      propertyPath: m_Name
      value: Minimap Icon
      objectReference: {fileID: 0}
    - target: {fileID: 1029849931350994725, guid: cbe539261fb5e2e4f909bfa9c7fc5049,
        type: 3}
      propertyPath: m_Layer
      value: 15
      objectReference: {fileID: 0}
    - target: {fileID: 1029849931350994724, guid: cbe539261fb5e2e4f909bfa9c7fc5049,
        type: 3}
      propertyPath: m_LocalPosition.x
      value: 0
      objectReference: {fileID: 0}
    - target: {fileID: 1029849931350994724, guid: cbe539261fb5e2e4f909bfa9c7fc5049,
        type: 3}
      propertyPath: m_LocalPosition.y
      value: -1
      objectReference: {fileID: 0}
    - target: {fileID: 1029849931350994724, guid: cbe539261fb5e2e4f909bfa9c7fc5049,
        type: 3}
      propertyPath: m_LocalPosition.z
      value: 0
      objectReference: {fileID: 0}
    - target: {fileID: 1029849931350994724, guid: cbe539261fb5e2e4f909bfa9c7fc5049,
        type: 3}
      propertyPath: m_LocalRotation.x
      value: 0.7071068
      objectReference: {fileID: 0}
    - target: {fileID: 1029849931350994724, guid: cbe539261fb5e2e4f909bfa9c7fc5049,
        type: 3}
      propertyPath: m_LocalRotation.y
      value: 0
      objectReference: {fileID: 0}
    - target: {fileID: 1029849931350994724, guid: cbe539261fb5e2e4f909bfa9c7fc5049,
        type: 3}
      propertyPath: m_LocalRotation.z
      value: 0
      objectReference: {fileID: 0}
    - target: {fileID: 1029849931350994724, guid: cbe539261fb5e2e4f909bfa9c7fc5049,
        type: 3}
      propertyPath: m_LocalRotation.w
      value: 0.7071068
      objectReference: {fileID: 0}
    - target: {fileID: 1029849931350994724, guid: cbe539261fb5e2e4f909bfa9c7fc5049,
        type: 3}
      propertyPath: m_RootOrder
      value: 0
      objectReference: {fileID: 0}
    - target: {fileID: 1029849931350994724, guid: cbe539261fb5e2e4f909bfa9c7fc5049,
        type: 3}
      propertyPath: m_LocalEulerAnglesHint.x
      value: 90
      objectReference: {fileID: 0}
    - target: {fileID: 1029849931350994724, guid: cbe539261fb5e2e4f909bfa9c7fc5049,
        type: 3}
      propertyPath: m_LocalEulerAnglesHint.y
      value: 0
      objectReference: {fileID: 0}
    - target: {fileID: 1029849931350994724, guid: cbe539261fb5e2e4f909bfa9c7fc5049,
        type: 3}
      propertyPath: m_LocalEulerAnglesHint.z
      value: 0
      objectReference: {fileID: 0}
    - target: {fileID: 1029849931350994724, guid: cbe539261fb5e2e4f909bfa9c7fc5049,
        type: 3}
      propertyPath: m_LocalScale.y
      value: 70
      objectReference: {fileID: 0}
    - target: {fileID: 1029849931350994724, guid: cbe539261fb5e2e4f909bfa9c7fc5049,
        type: 3}
      propertyPath: m_LocalScale.z
      value: 20
      objectReference: {fileID: 0}
    - target: {fileID: 1029849931350994724, guid: cbe539261fb5e2e4f909bfa9c7fc5049,
        type: 3}
      propertyPath: m_LocalScale.x
      value: 70
      objectReference: {fileID: 0}
    m_RemovedComponents: []
  m_SourcePrefab: {fileID: 100100000, guid: cbe539261fb5e2e4f909bfa9c7fc5049, type: 3}
--- !u!4 &2228758865145930870 stripped
Transform:
  m_CorrespondingSourceObject: {fileID: 1029849931350994724, guid: cbe539261fb5e2e4f909bfa9c7fc5049,
    type: 3}
  m_PrefabInstance: {fileID: 1199337866814311250}
  m_PrefabAsset: {fileID: 0}
--- !u!1001 &1898193263732245548
PrefabInstance:
  m_ObjectHideFlags: 0
  serializedVersion: 2
  m_Modification:
    m_TransformParent: {fileID: 2654167116940633321}
    m_Modifications:
    - target: {fileID: 8192336985728239243, guid: 5f8ef0a6b3b25374b9192bdf7651ceeb,
        type: 3}
      propertyPath: m_Name
      value: SimpleLighting
      objectReference: {fileID: 0}
    - target: {fileID: 7011767886975890464, guid: 5f8ef0a6b3b25374b9192bdf7651ceeb,
        type: 3}
      propertyPath: m_LocalPosition.x
      value: 0
      objectReference: {fileID: 0}
    - target: {fileID: 7011767886975890464, guid: 5f8ef0a6b3b25374b9192bdf7651ceeb,
        type: 3}
      propertyPath: m_LocalPosition.y
      value: 0
      objectReference: {fileID: 0}
    - target: {fileID: 7011767886975890464, guid: 5f8ef0a6b3b25374b9192bdf7651ceeb,
        type: 3}
      propertyPath: m_LocalPosition.z
      value: 0
      objectReference: {fileID: 0}
    - target: {fileID: 7011767886975890464, guid: 5f8ef0a6b3b25374b9192bdf7651ceeb,
        type: 3}
      propertyPath: m_LocalRotation.x
      value: 0
      objectReference: {fileID: 0}
    - target: {fileID: 7011767886975890464, guid: 5f8ef0a6b3b25374b9192bdf7651ceeb,
        type: 3}
      propertyPath: m_LocalRotation.y
      value: 0
      objectReference: {fileID: 0}
    - target: {fileID: 7011767886975890464, guid: 5f8ef0a6b3b25374b9192bdf7651ceeb,
        type: 3}
      propertyPath: m_LocalRotation.z
      value: 0
      objectReference: {fileID: 0}
    - target: {fileID: 7011767886975890464, guid: 5f8ef0a6b3b25374b9192bdf7651ceeb,
        type: 3}
      propertyPath: m_LocalRotation.w
      value: 1
      objectReference: {fileID: 0}
    - target: {fileID: 7011767886975890464, guid: 5f8ef0a6b3b25374b9192bdf7651ceeb,
        type: 3}
      propertyPath: m_RootOrder
      value: 1
      objectReference: {fileID: 0}
    - target: {fileID: 7011767886975890464, guid: 5f8ef0a6b3b25374b9192bdf7651ceeb,
        type: 3}
      propertyPath: m_LocalEulerAnglesHint.x
      value: 0
      objectReference: {fileID: 0}
    - target: {fileID: 7011767886975890464, guid: 5f8ef0a6b3b25374b9192bdf7651ceeb,
        type: 3}
      propertyPath: m_LocalEulerAnglesHint.y
      value: 0
      objectReference: {fileID: 0}
    - target: {fileID: 7011767886975890464, guid: 5f8ef0a6b3b25374b9192bdf7651ceeb,
        type: 3}
      propertyPath: m_LocalEulerAnglesHint.z
      value: 0
      objectReference: {fileID: 0}
    m_RemovedComponents: []
  m_SourcePrefab: {fileID: 100100000, guid: 5f8ef0a6b3b25374b9192bdf7651ceeb, type: 3}
--- !u!4 &8870245224979148812 stripped
Transform:
  m_CorrespondingSourceObject: {fileID: 7011767886975890464, guid: 5f8ef0a6b3b25374b9192bdf7651ceeb,
    type: 3}
  m_PrefabInstance: {fileID: 1898193263732245548}
  m_PrefabAsset: {fileID: 0}
--- !u!1001 &2924348425103503542
PrefabInstance:
  m_ObjectHideFlags: 0
  serializedVersion: 2
  m_Modification:
    m_TransformParent: {fileID: 8161370599242882756}
    m_Modifications:
    - target: {fileID: 4014196349683577285, guid: 573ca1220c274224086567b3411c94df,
        type: 3}
      propertyPath: m_LocalPosition.x
      value: 2.25
      objectReference: {fileID: 0}
    - target: {fileID: 4014196349683577285, guid: 573ca1220c274224086567b3411c94df,
        type: 3}
      propertyPath: m_LocalPosition.y
      value: 0.75
      objectReference: {fileID: 0}
    - target: {fileID: 4014196349683577285, guid: 573ca1220c274224086567b3411c94df,
        type: 3}
      propertyPath: m_LocalPosition.z
      value: -2.25
      objectReference: {fileID: 0}
    - target: {fileID: 4014196349683577285, guid: 573ca1220c274224086567b3411c94df,
        type: 3}
      propertyPath: m_LocalRotation.x
      value: -0.7071068
      objectReference: {fileID: 0}
    - target: {fileID: 4014196349683577285, guid: 573ca1220c274224086567b3411c94df,
        type: 3}
      propertyPath: m_LocalRotation.y
      value: -0
      objectReference: {fileID: 0}
    - target: {fileID: 4014196349683577285, guid: 573ca1220c274224086567b3411c94df,
        type: 3}
      propertyPath: m_LocalRotation.z
      value: -0
      objectReference: {fileID: 0}
    - target: {fileID: 4014196349683577285, guid: 573ca1220c274224086567b3411c94df,
        type: 3}
      propertyPath: m_LocalRotation.w
      value: 0.7071068
      objectReference: {fileID: 0}
    - target: {fileID: 4014196349683577285, guid: 573ca1220c274224086567b3411c94df,
        type: 3}
      propertyPath: m_RootOrder
      value: 8
      objectReference: {fileID: 0}
    - target: {fileID: 4014196349683577285, guid: 573ca1220c274224086567b3411c94df,
        type: 3}
      propertyPath: m_LocalEulerAnglesHint.x
      value: -90
      objectReference: {fileID: 0}
    - target: {fileID: 4014196349683577285, guid: 573ca1220c274224086567b3411c94df,
        type: 3}
      propertyPath: m_LocalEulerAnglesHint.y
      value: 0
      objectReference: {fileID: 0}
    - target: {fileID: 4014196349683577285, guid: 573ca1220c274224086567b3411c94df,
        type: 3}
      propertyPath: m_LocalEulerAnglesHint.z
      value: 0
      objectReference: {fileID: 0}
    - target: {fileID: 4014196349683577285, guid: 573ca1220c274224086567b3411c94df,
        type: 3}
      propertyPath: m_LocalScale.y
      value: 45.00003
      objectReference: {fileID: 0}
    - target: {fileID: 4014196349683577285, guid: 573ca1220c274224086567b3411c94df,
        type: 3}
      propertyPath: m_LocalScale.z
      value: 45.00003
      objectReference: {fileID: 0}
    - target: {fileID: 3433610347869718161, guid: 573ca1220c274224086567b3411c94df,
        type: 3}
      propertyPath: m_Name
      value: Column (3)
      objectReference: {fileID: 0}
    m_RemovedComponents: []
  m_SourcePrefab: {fileID: 100100000, guid: 573ca1220c274224086567b3411c94df, type: 3}
--- !u!4 &2242815883695833459 stripped
Transform:
  m_CorrespondingSourceObject: {fileID: 4014196349683577285, guid: 573ca1220c274224086567b3411c94df,
    type: 3}
  m_PrefabInstance: {fileID: 2924348425103503542}
  m_PrefabAsset: {fileID: 0}
--- !u!1001 &2924348425498034072
PrefabInstance:
  m_ObjectHideFlags: 0
  serializedVersion: 2
  m_Modification:
    m_TransformParent: {fileID: 8161370599242882756}
    m_Modifications:
    - target: {fileID: 4014196349683577285, guid: 573ca1220c274224086567b3411c94df,
        type: 3}
      propertyPath: m_LocalPosition.x
      value: -2.25
      objectReference: {fileID: 0}
    - target: {fileID: 4014196349683577285, guid: 573ca1220c274224086567b3411c94df,
        type: 3}
      propertyPath: m_LocalPosition.y
      value: 0.75
      objectReference: {fileID: 0}
    - target: {fileID: 4014196349683577285, guid: 573ca1220c274224086567b3411c94df,
        type: 3}
      propertyPath: m_LocalPosition.z
      value: -2.25
      objectReference: {fileID: 0}
    - target: {fileID: 4014196349683577285, guid: 573ca1220c274224086567b3411c94df,
        type: 3}
      propertyPath: m_LocalRotation.x
      value: -0.7071068
      objectReference: {fileID: 0}
    - target: {fileID: 4014196349683577285, guid: 573ca1220c274224086567b3411c94df,
        type: 3}
      propertyPath: m_LocalRotation.y
      value: -0
      objectReference: {fileID: 0}
    - target: {fileID: 4014196349683577285, guid: 573ca1220c274224086567b3411c94df,
        type: 3}
      propertyPath: m_LocalRotation.z
      value: -0
      objectReference: {fileID: 0}
    - target: {fileID: 4014196349683577285, guid: 573ca1220c274224086567b3411c94df,
        type: 3}
      propertyPath: m_LocalRotation.w
      value: 0.7071068
      objectReference: {fileID: 0}
    - target: {fileID: 4014196349683577285, guid: 573ca1220c274224086567b3411c94df,
        type: 3}
      propertyPath: m_RootOrder
      value: 7
      objectReference: {fileID: 0}
    - target: {fileID: 4014196349683577285, guid: 573ca1220c274224086567b3411c94df,
        type: 3}
      propertyPath: m_LocalEulerAnglesHint.x
      value: -90
      objectReference: {fileID: 0}
    - target: {fileID: 4014196349683577285, guid: 573ca1220c274224086567b3411c94df,
        type: 3}
      propertyPath: m_LocalEulerAnglesHint.y
      value: 0
      objectReference: {fileID: 0}
    - target: {fileID: 4014196349683577285, guid: 573ca1220c274224086567b3411c94df,
        type: 3}
      propertyPath: m_LocalEulerAnglesHint.z
      value: 0
      objectReference: {fileID: 0}
    - target: {fileID: 4014196349683577285, guid: 573ca1220c274224086567b3411c94df,
        type: 3}
      propertyPath: m_LocalScale.y
      value: 45.00003
      objectReference: {fileID: 0}
    - target: {fileID: 4014196349683577285, guid: 573ca1220c274224086567b3411c94df,
        type: 3}
      propertyPath: m_LocalScale.z
      value: 45.00003
      objectReference: {fileID: 0}
    - target: {fileID: 3433610347869718161, guid: 573ca1220c274224086567b3411c94df,
        type: 3}
      propertyPath: m_Name
      value: Column (2)
      objectReference: {fileID: 0}
    m_RemovedComponents: []
  m_SourcePrefab: {fileID: 100100000, guid: 573ca1220c274224086567b3411c94df, type: 3}
--- !u!4 &2242815884375051869 stripped
Transform:
  m_CorrespondingSourceObject: {fileID: 4014196349683577285, guid: 573ca1220c274224086567b3411c94df,
    type: 3}
  m_PrefabInstance: {fileID: 2924348425498034072}
  m_PrefabAsset: {fileID: 0}
--- !u!1001 &2924348425677634083
PrefabInstance:
  m_ObjectHideFlags: 0
  serializedVersion: 2
  m_Modification:
    m_TransformParent: {fileID: 8161370599242882756}
    m_Modifications:
    - target: {fileID: 1230313603580933416, guid: b877027f78d315346b7f032f173e6e0a,
        type: 3}
      propertyPath: m_Name
      value: RoomCorner (2)
      objectReference: {fileID: 0}
    - target: {fileID: 927384323073419144, guid: b877027f78d315346b7f032f173e6e0a,
        type: 3}
      propertyPath: m_LocalPosition.x
      value: 4.75
      objectReference: {fileID: 0}
    - target: {fileID: 927384323073419144, guid: b877027f78d315346b7f032f173e6e0a,
        type: 3}
      propertyPath: m_LocalPosition.y
      value: -0.25
      objectReference: {fileID: 0}
    - target: {fileID: 927384323073419144, guid: b877027f78d315346b7f032f173e6e0a,
        type: 3}
      propertyPath: m_LocalPosition.z
      value: 5.25
      objectReference: {fileID: 0}
    - target: {fileID: 927384323073419144, guid: b877027f78d315346b7f032f173e6e0a,
        type: 3}
      propertyPath: m_LocalRotation.x
      value: -0
      objectReference: {fileID: 0}
    - target: {fileID: 927384323073419144, guid: b877027f78d315346b7f032f173e6e0a,
        type: 3}
      propertyPath: m_LocalRotation.y
      value: 0.7071068
      objectReference: {fileID: 0}
    - target: {fileID: 927384323073419144, guid: b877027f78d315346b7f032f173e6e0a,
        type: 3}
      propertyPath: m_LocalRotation.z
      value: -0
      objectReference: {fileID: 0}
    - target: {fileID: 927384323073419144, guid: b877027f78d315346b7f032f173e6e0a,
        type: 3}
      propertyPath: m_LocalRotation.w
      value: 0.7071068
      objectReference: {fileID: 0}
    - target: {fileID: 927384323073419144, guid: b877027f78d315346b7f032f173e6e0a,
        type: 3}
      propertyPath: m_RootOrder
      value: 3
      objectReference: {fileID: 0}
    - target: {fileID: 927384323073419144, guid: b877027f78d315346b7f032f173e6e0a,
        type: 3}
      propertyPath: m_LocalEulerAnglesHint.x
      value: 0
      objectReference: {fileID: 0}
    - target: {fileID: 927384323073419144, guid: b877027f78d315346b7f032f173e6e0a,
        type: 3}
      propertyPath: m_LocalEulerAnglesHint.y
      value: 90
      objectReference: {fileID: 0}
    - target: {fileID: 927384323073419144, guid: b877027f78d315346b7f032f173e6e0a,
        type: 3}
      propertyPath: m_LocalEulerAnglesHint.z
      value: 0
      objectReference: {fileID: 0}
    - target: {fileID: 6332677483658223557, guid: b877027f78d315346b7f032f173e6e0a,
        type: 3}
      propertyPath: m_Mesh
      value: 
      objectReference: {fileID: 0}
    - target: {fileID: 6332677483658223576, guid: b877027f78d315346b7f032f173e6e0a,
        type: 3}
      propertyPath: m_Mesh
      value: 
      objectReference: {fileID: 0}
    - target: {fileID: 6332677483658223578, guid: b877027f78d315346b7f032f173e6e0a,
        type: 3}
      propertyPath: m_Materials.Array.data[0]
      value: 
      objectReference: {fileID: 2100000, guid: 0bf93fe055180334d98f6be6a553a278, type: 2}
    - target: {fileID: 6332677485104691756, guid: b877027f78d315346b7f032f173e6e0a,
        type: 3}
      propertyPath: m_Mesh
      value: 
      objectReference: {fileID: 0}
    - target: {fileID: 6332677485104691758, guid: b877027f78d315346b7f032f173e6e0a,
        type: 3}
      propertyPath: m_Materials.Array.data[0]
      value: 
      objectReference: {fileID: 2100000, guid: 0bf93fe055180334d98f6be6a553a278, type: 2}
    - target: {fileID: 6332677485104691753, guid: b877027f78d315346b7f032f173e6e0a,
        type: 3}
      propertyPath: m_Mesh
      value: 
      objectReference: {fileID: 0}
    m_RemovedComponents: []
  m_SourcePrefab: {fileID: 100100000, guid: b877027f78d315346b7f032f173e6e0a, type: 3}
--- !u!4 &2615435001892855211 stripped
Transform:
  m_CorrespondingSourceObject: {fileID: 927384323073419144, guid: b877027f78d315346b7f032f173e6e0a,
    type: 3}
  m_PrefabInstance: {fileID: 2924348425677634083}
  m_PrefabAsset: {fileID: 0}
--- !u!1001 &2924348426337597228
PrefabInstance:
  m_ObjectHideFlags: 0
  serializedVersion: 2
  m_Modification:
    m_TransformParent: {fileID: 8161370599242882756}
    m_Modifications:
    - target: {fileID: 1230313603580933416, guid: b877027f78d315346b7f032f173e6e0a,
        type: 3}
      propertyPath: m_Name
      value: RoomCorner (3)
      objectReference: {fileID: 0}
    - target: {fileID: 927384323073419144, guid: b877027f78d315346b7f032f173e6e0a,
        type: 3}
      propertyPath: m_LocalPosition.x
      value: 5.25
      objectReference: {fileID: 0}
    - target: {fileID: 927384323073419144, guid: b877027f78d315346b7f032f173e6e0a,
        type: 3}
      propertyPath: m_LocalPosition.y
      value: -0.25
      objectReference: {fileID: 0}
    - target: {fileID: 927384323073419144, guid: b877027f78d315346b7f032f173e6e0a,
        type: 3}
      propertyPath: m_LocalPosition.z
      value: -4.75
      objectReference: {fileID: 0}
    - target: {fileID: 927384323073419144, guid: b877027f78d315346b7f032f173e6e0a,
        type: 3}
      propertyPath: m_LocalRotation.x
      value: -0
      objectReference: {fileID: 0}
    - target: {fileID: 927384323073419144, guid: b877027f78d315346b7f032f173e6e0a,
        type: 3}
      propertyPath: m_LocalRotation.y
      value: 1
      objectReference: {fileID: 0}
    - target: {fileID: 927384323073419144, guid: b877027f78d315346b7f032f173e6e0a,
        type: 3}
      propertyPath: m_LocalRotation.z
      value: -0
      objectReference: {fileID: 0}
    - target: {fileID: 927384323073419144, guid: b877027f78d315346b7f032f173e6e0a,
        type: 3}
      propertyPath: m_LocalRotation.w
      value: 0
      objectReference: {fileID: 0}
    - target: {fileID: 927384323073419144, guid: b877027f78d315346b7f032f173e6e0a,
        type: 3}
      propertyPath: m_RootOrder
      value: 4
      objectReference: {fileID: 0}
    - target: {fileID: 927384323073419144, guid: b877027f78d315346b7f032f173e6e0a,
        type: 3}
      propertyPath: m_LocalEulerAnglesHint.x
      value: 0
      objectReference: {fileID: 0}
    - target: {fileID: 927384323073419144, guid: b877027f78d315346b7f032f173e6e0a,
        type: 3}
      propertyPath: m_LocalEulerAnglesHint.y
      value: 180
      objectReference: {fileID: 0}
    - target: {fileID: 927384323073419144, guid: b877027f78d315346b7f032f173e6e0a,
        type: 3}
      propertyPath: m_LocalEulerAnglesHint.z
      value: 0
      objectReference: {fileID: 0}
    - target: {fileID: 6332677483658223557, guid: b877027f78d315346b7f032f173e6e0a,
        type: 3}
      propertyPath: m_Mesh
      value: 
      objectReference: {fileID: 0}
    - target: {fileID: 6332677483658223576, guid: b877027f78d315346b7f032f173e6e0a,
        type: 3}
      propertyPath: m_Mesh
      value: 
      objectReference: {fileID: 0}
    - target: {fileID: 6332677483658223578, guid: b877027f78d315346b7f032f173e6e0a,
        type: 3}
      propertyPath: m_Materials.Array.data[0]
      value: 
      objectReference: {fileID: 2100000, guid: 0bf93fe055180334d98f6be6a553a278, type: 2}
    - target: {fileID: 6332677485104691756, guid: b877027f78d315346b7f032f173e6e0a,
        type: 3}
      propertyPath: m_Mesh
      value: 
      objectReference: {fileID: 0}
    - target: {fileID: 6332677485104691758, guid: b877027f78d315346b7f032f173e6e0a,
        type: 3}
      propertyPath: m_Materials.Array.data[0]
      value: 
      objectReference: {fileID: 2100000, guid: 0bf93fe055180334d98f6be6a553a278, type: 2}
    - target: {fileID: 6332677485104691753, guid: b877027f78d315346b7f032f173e6e0a,
        type: 3}
      propertyPath: m_Mesh
      value: 
      objectReference: {fileID: 0}
    m_RemovedComponents: []
  m_SourcePrefab: {fileID: 100100000, guid: b877027f78d315346b7f032f173e6e0a, type: 3}
--- !u!4 &2615435000138272932 stripped
Transform:
  m_CorrespondingSourceObject: {fileID: 927384323073419144, guid: b877027f78d315346b7f032f173e6e0a,
    type: 3}
  m_PrefabInstance: {fileID: 2924348426337597228}
  m_PrefabAsset: {fileID: 0}
--- !u!1001 &2924348426483248189
PrefabInstance:
  m_ObjectHideFlags: 0
  serializedVersion: 2
  m_Modification:
    m_TransformParent: {fileID: 8161370599242882756}
    m_Modifications:
    - target: {fileID: 4014196349683577285, guid: 573ca1220c274224086567b3411c94df,
        type: 3}
      propertyPath: m_LocalPosition.x
      value: 2.25
      objectReference: {fileID: 0}
    - target: {fileID: 4014196349683577285, guid: 573ca1220c274224086567b3411c94df,
        type: 3}
      propertyPath: m_LocalPosition.y
      value: 0.75
      objectReference: {fileID: 0}
    - target: {fileID: 4014196349683577285, guid: 573ca1220c274224086567b3411c94df,
        type: 3}
      propertyPath: m_LocalPosition.z
      value: 2.25
      objectReference: {fileID: 0}
    - target: {fileID: 4014196349683577285, guid: 573ca1220c274224086567b3411c94df,
        type: 3}
      propertyPath: m_LocalRotation.x
      value: -0.7071068
      objectReference: {fileID: 0}
    - target: {fileID: 4014196349683577285, guid: 573ca1220c274224086567b3411c94df,
        type: 3}
      propertyPath: m_LocalRotation.y
      value: -0
      objectReference: {fileID: 0}
    - target: {fileID: 4014196349683577285, guid: 573ca1220c274224086567b3411c94df,
        type: 3}
      propertyPath: m_LocalRotation.z
      value: -0
      objectReference: {fileID: 0}
    - target: {fileID: 4014196349683577285, guid: 573ca1220c274224086567b3411c94df,
        type: 3}
      propertyPath: m_LocalRotation.w
      value: 0.7071068
      objectReference: {fileID: 0}
    - target: {fileID: 4014196349683577285, guid: 573ca1220c274224086567b3411c94df,
        type: 3}
      propertyPath: m_RootOrder
      value: 6
      objectReference: {fileID: 0}
    - target: {fileID: 4014196349683577285, guid: 573ca1220c274224086567b3411c94df,
        type: 3}
      propertyPath: m_LocalEulerAnglesHint.x
      value: -90
      objectReference: {fileID: 0}
    - target: {fileID: 4014196349683577285, guid: 573ca1220c274224086567b3411c94df,
        type: 3}
      propertyPath: m_LocalEulerAnglesHint.y
      value: 0
      objectReference: {fileID: 0}
    - target: {fileID: 4014196349683577285, guid: 573ca1220c274224086567b3411c94df,
        type: 3}
      propertyPath: m_LocalEulerAnglesHint.z
      value: 0
      objectReference: {fileID: 0}
    - target: {fileID: 4014196349683577285, guid: 573ca1220c274224086567b3411c94df,
        type: 3}
      propertyPath: m_LocalScale.y
      value: 45.00003
      objectReference: {fileID: 0}
    - target: {fileID: 4014196349683577285, guid: 573ca1220c274224086567b3411c94df,
        type: 3}
      propertyPath: m_LocalScale.z
      value: 45.00003
      objectReference: {fileID: 0}
    - target: {fileID: 3433610347869718161, guid: 573ca1220c274224086567b3411c94df,
        type: 3}
      propertyPath: m_Name
      value: Column (1)
      objectReference: {fileID: 0}
    m_RemovedComponents: []
  m_SourcePrefab: {fileID: 100100000, guid: 573ca1220c274224086567b3411c94df, type: 3}
--- !u!4 &2242815883247263224 stripped
Transform:
  m_CorrespondingSourceObject: {fileID: 4014196349683577285, guid: 573ca1220c274224086567b3411c94df,
    type: 3}
  m_PrefabInstance: {fileID: 2924348426483248189}
  m_PrefabAsset: {fileID: 0}
--- !u!1001 &2924348426825786661
PrefabInstance:
  m_ObjectHideFlags: 0
  serializedVersion: 2
  m_Modification:
    m_TransformParent: {fileID: 8161370599242882756}
    m_Modifications:
    - target: {fileID: 4014196349683577285, guid: 573ca1220c274224086567b3411c94df,
        type: 3}
      propertyPath: m_LocalPosition.x
      value: -2.25
      objectReference: {fileID: 0}
    - target: {fileID: 4014196349683577285, guid: 573ca1220c274224086567b3411c94df,
        type: 3}
      propertyPath: m_LocalPosition.y
      value: 0.75
      objectReference: {fileID: 0}
    - target: {fileID: 4014196349683577285, guid: 573ca1220c274224086567b3411c94df,
        type: 3}
      propertyPath: m_LocalPosition.z
      value: 2.25
      objectReference: {fileID: 0}
    - target: {fileID: 4014196349683577285, guid: 573ca1220c274224086567b3411c94df,
        type: 3}
      propertyPath: m_LocalRotation.x
      value: -0.7071068
      objectReference: {fileID: 0}
    - target: {fileID: 4014196349683577285, guid: 573ca1220c274224086567b3411c94df,
        type: 3}
      propertyPath: m_LocalRotation.y
      value: -0
      objectReference: {fileID: 0}
    - target: {fileID: 4014196349683577285, guid: 573ca1220c274224086567b3411c94df,
        type: 3}
      propertyPath: m_LocalRotation.z
      value: -0
      objectReference: {fileID: 0}
    - target: {fileID: 4014196349683577285, guid: 573ca1220c274224086567b3411c94df,
        type: 3}
      propertyPath: m_LocalRotation.w
      value: 0.7071068
      objectReference: {fileID: 0}
    - target: {fileID: 4014196349683577285, guid: 573ca1220c274224086567b3411c94df,
        type: 3}
      propertyPath: m_RootOrder
      value: 5
      objectReference: {fileID: 0}
    - target: {fileID: 4014196349683577285, guid: 573ca1220c274224086567b3411c94df,
        type: 3}
      propertyPath: m_LocalEulerAnglesHint.x
      value: -90
      objectReference: {fileID: 0}
    - target: {fileID: 4014196349683577285, guid: 573ca1220c274224086567b3411c94df,
        type: 3}
      propertyPath: m_LocalEulerAnglesHint.y
      value: 0
      objectReference: {fileID: 0}
    - target: {fileID: 4014196349683577285, guid: 573ca1220c274224086567b3411c94df,
        type: 3}
      propertyPath: m_LocalEulerAnglesHint.z
      value: 0
      objectReference: {fileID: 0}
    - target: {fileID: 4014196349683577285, guid: 573ca1220c274224086567b3411c94df,
        type: 3}
      propertyPath: m_LocalScale.y
      value: 45.00003
      objectReference: {fileID: 0}
    - target: {fileID: 4014196349683577285, guid: 573ca1220c274224086567b3411c94df,
        type: 3}
      propertyPath: m_LocalScale.z
      value: 45.00003
      objectReference: {fileID: 0}
    - target: {fileID: 3433610347869718161, guid: 573ca1220c274224086567b3411c94df,
        type: 3}
      propertyPath: m_Name
      value: Column
      objectReference: {fileID: 0}
    m_RemovedComponents: []
  m_SourcePrefab: {fileID: 100100000, guid: 573ca1220c274224086567b3411c94df, type: 3}
--- !u!4 &2242815883051488480 stripped
Transform:
  m_CorrespondingSourceObject: {fileID: 4014196349683577285, guid: 573ca1220c274224086567b3411c94df,
    type: 3}
  m_PrefabInstance: {fileID: 2924348426825786661}
  m_PrefabAsset: {fileID: 0}
--- !u!1001 &2924348426866728302
PrefabInstance:
  m_ObjectHideFlags: 0
  serializedVersion: 2
  m_Modification:
    m_TransformParent: {fileID: 8161370599242882756}
    m_Modifications:
    - target: {fileID: 1230313603580933416, guid: b877027f78d315346b7f032f173e6e0a,
        type: 3}
      propertyPath: m_Name
      value: RoomCorner (1)
      objectReference: {fileID: 0}
    - target: {fileID: 927384323073419144, guid: b877027f78d315346b7f032f173e6e0a,
        type: 3}
      propertyPath: m_LocalPosition.x
      value: -4.75
      objectReference: {fileID: 0}
    - target: {fileID: 927384323073419144, guid: b877027f78d315346b7f032f173e6e0a,
        type: 3}
      propertyPath: m_LocalPosition.y
      value: -0.24999982
      objectReference: {fileID: 0}
    - target: {fileID: 927384323073419144, guid: b877027f78d315346b7f032f173e6e0a,
        type: 3}
      propertyPath: m_LocalPosition.z
      value: -5.25
      objectReference: {fileID: 0}
    - target: {fileID: 927384323073419144, guid: b877027f78d315346b7f032f173e6e0a,
        type: 3}
      propertyPath: m_LocalRotation.x
      value: -0
      objectReference: {fileID: 0}
    - target: {fileID: 927384323073419144, guid: b877027f78d315346b7f032f173e6e0a,
        type: 3}
      propertyPath: m_LocalRotation.y
      value: -0.7071068
      objectReference: {fileID: 0}
    - target: {fileID: 927384323073419144, guid: b877027f78d315346b7f032f173e6e0a,
        type: 3}
      propertyPath: m_LocalRotation.z
      value: -0
      objectReference: {fileID: 0}
    - target: {fileID: 927384323073419144, guid: b877027f78d315346b7f032f173e6e0a,
        type: 3}
      propertyPath: m_LocalRotation.w
      value: 0.7071068
      objectReference: {fileID: 0}
    - target: {fileID: 927384323073419144, guid: b877027f78d315346b7f032f173e6e0a,
        type: 3}
      propertyPath: m_RootOrder
      value: 2
      objectReference: {fileID: 0}
    - target: {fileID: 927384323073419144, guid: b877027f78d315346b7f032f173e6e0a,
        type: 3}
      propertyPath: m_LocalEulerAnglesHint.x
      value: 0
      objectReference: {fileID: 0}
    - target: {fileID: 927384323073419144, guid: b877027f78d315346b7f032f173e6e0a,
        type: 3}
      propertyPath: m_LocalEulerAnglesHint.y
      value: -90
      objectReference: {fileID: 0}
    - target: {fileID: 927384323073419144, guid: b877027f78d315346b7f032f173e6e0a,
        type: 3}
      propertyPath: m_LocalEulerAnglesHint.z
      value: 0
      objectReference: {fileID: 0}
    - target: {fileID: 6332677483658223557, guid: b877027f78d315346b7f032f173e6e0a,
        type: 3}
      propertyPath: m_Mesh
      value: 
      objectReference: {fileID: 0}
    - target: {fileID: 6332677483658223576, guid: b877027f78d315346b7f032f173e6e0a,
        type: 3}
      propertyPath: m_Mesh
      value: 
      objectReference: {fileID: 0}
    - target: {fileID: 6332677483658223578, guid: b877027f78d315346b7f032f173e6e0a,
        type: 3}
      propertyPath: m_Materials.Array.data[0]
      value: 
      objectReference: {fileID: 2100000, guid: 0bf93fe055180334d98f6be6a553a278, type: 2}
    - target: {fileID: 6332677485104691756, guid: b877027f78d315346b7f032f173e6e0a,
        type: 3}
      propertyPath: m_Mesh
      value: 
      objectReference: {fileID: 0}
    - target: {fileID: 6332677485104691758, guid: b877027f78d315346b7f032f173e6e0a,
        type: 3}
      propertyPath: m_Materials.Array.data[0]
      value: 
      objectReference: {fileID: 2100000, guid: 0bf93fe055180334d98f6be6a553a278, type: 2}
    - target: {fileID: 6332677485104691753, guid: b877027f78d315346b7f032f173e6e0a,
        type: 3}
      propertyPath: m_Mesh
      value: 
      objectReference: {fileID: 0}
    m_RemovedComponents: []
  m_SourcePrefab: {fileID: 100100000, guid: b877027f78d315346b7f032f173e6e0a, type: 3}
--- !u!4 &2615435000699665126 stripped
Transform:
  m_CorrespondingSourceObject: {fileID: 927384323073419144, guid: b877027f78d315346b7f032f173e6e0a,
    type: 3}
  m_PrefabInstance: {fileID: 2924348426866728302}
  m_PrefabAsset: {fileID: 0}
--- !u!1001 &3430819579511118110
PrefabInstance:
  m_ObjectHideFlags: 0
  serializedVersion: 2
  m_Modification:
    m_TransformParent: {fileID: 8161370599242882756}
    m_Modifications:
    - target: {fileID: 507190818677499476, guid: 750657661313dba4ba1a2b6a7b43bb4e,
        type: 3}
      propertyPath: m_Name
      value: Floor
      objectReference: {fileID: 0}
    - target: {fileID: 507190818677499475, guid: 750657661313dba4ba1a2b6a7b43bb4e,
        type: 3}
      propertyPath: m_LocalPosition.x
      value: -5
      objectReference: {fileID: 0}
    - target: {fileID: 507190818677499475, guid: 750657661313dba4ba1a2b6a7b43bb4e,
        type: 3}
      propertyPath: m_LocalPosition.y
      value: 0
      objectReference: {fileID: 0}
    - target: {fileID: 507190818677499475, guid: 750657661313dba4ba1a2b6a7b43bb4e,
        type: 3}
      propertyPath: m_LocalPosition.z
      value: 5
      objectReference: {fileID: 0}
    - target: {fileID: 507190818677499475, guid: 750657661313dba4ba1a2b6a7b43bb4e,
        type: 3}
      propertyPath: m_LocalRotation.x
      value: -0
      objectReference: {fileID: 0}
    - target: {fileID: 507190818677499475, guid: 750657661313dba4ba1a2b6a7b43bb4e,
        type: 3}
      propertyPath: m_LocalRotation.y
      value: -0
      objectReference: {fileID: 0}
    - target: {fileID: 507190818677499475, guid: 750657661313dba4ba1a2b6a7b43bb4e,
        type: 3}
      propertyPath: m_LocalRotation.z
      value: -0
      objectReference: {fileID: 0}
    - target: {fileID: 507190818677499475, guid: 750657661313dba4ba1a2b6a7b43bb4e,
        type: 3}
      propertyPath: m_LocalRotation.w
      value: 1
      objectReference: {fileID: 0}
    - target: {fileID: 507190818677499475, guid: 750657661313dba4ba1a2b6a7b43bb4e,
        type: 3}
      propertyPath: m_RootOrder
      value: 0
      objectReference: {fileID: 0}
    - target: {fileID: 507190818677499475, guid: 750657661313dba4ba1a2b6a7b43bb4e,
        type: 3}
      propertyPath: m_LocalEulerAnglesHint.x
      value: 0
      objectReference: {fileID: 0}
    - target: {fileID: 507190818677499475, guid: 750657661313dba4ba1a2b6a7b43bb4e,
        type: 3}
      propertyPath: m_LocalEulerAnglesHint.y
      value: 0
      objectReference: {fileID: 0}
    - target: {fileID: 507190818677499475, guid: 750657661313dba4ba1a2b6a7b43bb4e,
        type: 3}
      propertyPath: m_LocalEulerAnglesHint.z
      value: 0
      objectReference: {fileID: 0}
    - target: {fileID: 507190818677499473, guid: 750657661313dba4ba1a2b6a7b43bb4e,
        type: 3}
      propertyPath: m_Materials.Array.data[0]
      value: 
      objectReference: {fileID: 2100000, guid: 0bf93fe055180334d98f6be6a553a278, type: 2}
    - target: {fileID: 507190818677499472, guid: 750657661313dba4ba1a2b6a7b43bb4e,
        type: 3}
      propertyPath: m_Mesh
      value: 
      objectReference: {fileID: 0}
    - target: {fileID: 507190818677499479, guid: 750657661313dba4ba1a2b6a7b43bb4e,
        type: 3}
      propertyPath: m_Mesh
      value: 
      objectReference: {fileID: 0}
    m_RemovedComponents: []
  m_SourcePrefab: {fileID: 100100000, guid: 750657661313dba4ba1a2b6a7b43bb4e, type: 3}
--- !u!1 &2924348425571647306 stripped
GameObject:
  m_CorrespondingSourceObject: {fileID: 507190818677499476, guid: 750657661313dba4ba1a2b6a7b43bb4e,
    type: 3}
  m_PrefabInstance: {fileID: 3430819579511118110}
  m_PrefabAsset: {fileID: 0}
--- !u!4 &2924348425571647309 stripped
Transform:
  m_CorrespondingSourceObject: {fileID: 507190818677499475, guid: 750657661313dba4ba1a2b6a7b43bb4e,
    type: 3}
  m_PrefabInstance: {fileID: 3430819579511118110}
  m_PrefabAsset: {fileID: 0}
--- !u!1001 &8250129600903888909
PrefabInstance:
  m_ObjectHideFlags: 0
  serializedVersion: 2
  m_Modification:
    m_TransformParent: {fileID: 2654167116940633321}
    m_Modifications:
    - target: {fileID: 2440938587264447734, guid: 1aa2214fa3acc174d914bc0c1ed4b092,
        type: 3}
      propertyPath: m_LocalPosition.x
      value: 0
      objectReference: {fileID: 0}
    - target: {fileID: 2440938587264447734, guid: 1aa2214fa3acc174d914bc0c1ed4b092,
        type: 3}
      propertyPath: m_LocalPosition.y
      value: 0
      objectReference: {fileID: 0}
    - target: {fileID: 2440938587264447734, guid: 1aa2214fa3acc174d914bc0c1ed4b092,
        type: 3}
      propertyPath: m_LocalPosition.z
      value: 0
      objectReference: {fileID: 0}
    - target: {fileID: 2440938587264447734, guid: 1aa2214fa3acc174d914bc0c1ed4b092,
        type: 3}
      propertyPath: m_LocalRotation.x
      value: 0
      objectReference: {fileID: 0}
    - target: {fileID: 2440938587264447734, guid: 1aa2214fa3acc174d914bc0c1ed4b092,
        type: 3}
      propertyPath: m_LocalRotation.y
      value: 0
      objectReference: {fileID: 0}
    - target: {fileID: 2440938587264447734, guid: 1aa2214fa3acc174d914bc0c1ed4b092,
        type: 3}
      propertyPath: m_LocalRotation.z
      value: 0
      objectReference: {fileID: 0}
    - target: {fileID: 2440938587264447734, guid: 1aa2214fa3acc174d914bc0c1ed4b092,
        type: 3}
      propertyPath: m_LocalRotation.w
      value: 1
      objectReference: {fileID: 0}
    - target: {fileID: 2440938587264447734, guid: 1aa2214fa3acc174d914bc0c1ed4b092,
        type: 3}
      propertyPath: m_RootOrder
      value: 2
      objectReference: {fileID: 0}
    - target: {fileID: 2440938587264447734, guid: 1aa2214fa3acc174d914bc0c1ed4b092,
        type: 3}
      propertyPath: m_LocalEulerAnglesHint.x
      value: 0
      objectReference: {fileID: 0}
    - target: {fileID: 2440938587264447734, guid: 1aa2214fa3acc174d914bc0c1ed4b092,
        type: 3}
      propertyPath: m_LocalEulerAnglesHint.y
      value: 0
      objectReference: {fileID: 0}
    - target: {fileID: 2440938587264447734, guid: 1aa2214fa3acc174d914bc0c1ed4b092,
        type: 3}
      propertyPath: m_LocalEulerAnglesHint.z
      value: 0
      objectReference: {fileID: 0}
    - target: {fileID: 6859256628351133468, guid: 1aa2214fa3acc174d914bc0c1ed4b092,
        type: 3}
      propertyPath: m_Name
      value: EnemySpawnPoints
      objectReference: {fileID: 0}
    - target: {fileID: 4717411754299299683, guid: 1aa2214fa3acc174d914bc0c1ed4b092,
        type: 3}
      propertyPath: m_LocalPosition.x
      value: 3.75
      objectReference: {fileID: 0}
    - target: {fileID: 4717411754299299683, guid: 1aa2214fa3acc174d914bc0c1ed4b092,
        type: 3}
      propertyPath: m_LocalPosition.y
      value: 0.25
      objectReference: {fileID: 0}
    - target: {fileID: 4717411754299299683, guid: 1aa2214fa3acc174d914bc0c1ed4b092,
        type: 3}
      propertyPath: m_LocalPosition.z
      value: 3.75
      objectReference: {fileID: 0}
    - target: {fileID: 5014749760487491464, guid: 1aa2214fa3acc174d914bc0c1ed4b092,
        type: 3}
      propertyPath: m_LocalPosition.x
      value: 3.75
      objectReference: {fileID: 0}
    - target: {fileID: 5014749760487491464, guid: 1aa2214fa3acc174d914bc0c1ed4b092,
        type: 3}
      propertyPath: m_LocalPosition.z
      value: -3.75
      objectReference: {fileID: 0}
    - target: {fileID: 8162001699301192106, guid: 1aa2214fa3acc174d914bc0c1ed4b092,
        type: 3}
      propertyPath: m_LocalPosition.x
      value: -3.75
      objectReference: {fileID: 0}
    - target: {fileID: 8162001699301192106, guid: 1aa2214fa3acc174d914bc0c1ed4b092,
        type: 3}
      propertyPath: m_LocalPosition.z
      value: -3.75
      objectReference: {fileID: 0}
    - target: {fileID: 8374164559870319425, guid: 1aa2214fa3acc174d914bc0c1ed4b092,
        type: 3}
      propertyPath: m_LocalPosition.x
      value: -3.75
      objectReference: {fileID: 0}
    - target: {fileID: 8374164559870319425, guid: 1aa2214fa3acc174d914bc0c1ed4b092,
        type: 3}
      propertyPath: m_LocalPosition.z
      value: 3.75
      objectReference: {fileID: 0}
    m_RemovedComponents: []
  m_SourcePrefab: {fileID: 100100000, guid: 1aa2214fa3acc174d914bc0c1ed4b092, type: 3}
--- !u!4 &6026288676164547835 stripped
Transform:
  m_CorrespondingSourceObject: {fileID: 2440938587264447734, guid: 1aa2214fa3acc174d914bc0c1ed4b092,
    type: 3}
  m_PrefabInstance: {fileID: 8250129600903888909}
  m_PrefabAsset: {fileID: 0}
--- !u!1001 &9184933078754066854
PrefabInstance:
  m_ObjectHideFlags: 0
  serializedVersion: 2
  m_Modification:
    m_TransformParent: {fileID: 8161370599242882756}
    m_Modifications:
    - target: {fileID: 1230313603580933416, guid: b877027f78d315346b7f032f173e6e0a,
        type: 3}
      propertyPath: m_Name
      value: RoomCorner
      objectReference: {fileID: 0}
    - target: {fileID: 927384323073419144, guid: b877027f78d315346b7f032f173e6e0a,
        type: 3}
      propertyPath: m_LocalPosition.x
      value: -5.25
      objectReference: {fileID: 0}
    - target: {fileID: 927384323073419144, guid: b877027f78d315346b7f032f173e6e0a,
        type: 3}
      propertyPath: m_LocalPosition.y
      value: -0.25
      objectReference: {fileID: 0}
    - target: {fileID: 927384323073419144, guid: b877027f78d315346b7f032f173e6e0a,
        type: 3}
      propertyPath: m_LocalPosition.z
      value: 4.75
      objectReference: {fileID: 0}
    - target: {fileID: 927384323073419144, guid: b877027f78d315346b7f032f173e6e0a,
        type: 3}
      propertyPath: m_LocalRotation.x
      value: -0
      objectReference: {fileID: 0}
    - target: {fileID: 927384323073419144, guid: b877027f78d315346b7f032f173e6e0a,
        type: 3}
      propertyPath: m_LocalRotation.y
      value: -0
      objectReference: {fileID: 0}
    - target: {fileID: 927384323073419144, guid: b877027f78d315346b7f032f173e6e0a,
        type: 3}
      propertyPath: m_LocalRotation.z
      value: -0
      objectReference: {fileID: 0}
    - target: {fileID: 927384323073419144, guid: b877027f78d315346b7f032f173e6e0a,
        type: 3}
      propertyPath: m_LocalRotation.w
      value: 1
      objectReference: {fileID: 0}
    - target: {fileID: 927384323073419144, guid: b877027f78d315346b7f032f173e6e0a,
        type: 3}
      propertyPath: m_RootOrder
      value: 1
      objectReference: {fileID: 0}
    - target: {fileID: 927384323073419144, guid: b877027f78d315346b7f032f173e6e0a,
        type: 3}
      propertyPath: m_LocalEulerAnglesHint.x
      value: 0
      objectReference: {fileID: 0}
    - target: {fileID: 927384323073419144, guid: b877027f78d315346b7f032f173e6e0a,
        type: 3}
      propertyPath: m_LocalEulerAnglesHint.y
      value: 0
      objectReference: {fileID: 0}
    - target: {fileID: 927384323073419144, guid: b877027f78d315346b7f032f173e6e0a,
        type: 3}
      propertyPath: m_LocalEulerAnglesHint.z
      value: 0
      objectReference: {fileID: 0}
    - target: {fileID: 6332677483658223557, guid: b877027f78d315346b7f032f173e6e0a,
        type: 3}
      propertyPath: m_Mesh
      value: 
      objectReference: {fileID: 0}
    - target: {fileID: 6332677483658223576, guid: b877027f78d315346b7f032f173e6e0a,
        type: 3}
      propertyPath: m_Mesh
      value: 
      objectReference: {fileID: 0}
    - target: {fileID: 6332677483658223578, guid: b877027f78d315346b7f032f173e6e0a,
        type: 3}
      propertyPath: m_Materials.Array.data[0]
      value: 
      objectReference: {fileID: 2100000, guid: 0bf93fe055180334d98f6be6a553a278, type: 2}
    - target: {fileID: 6332677485104691756, guid: b877027f78d315346b7f032f173e6e0a,
        type: 3}
      propertyPath: m_Mesh
      value: 
      objectReference: {fileID: 0}
    - target: {fileID: 6332677485104691758, guid: b877027f78d315346b7f032f173e6e0a,
        type: 3}
      propertyPath: m_Materials.Array.data[0]
      value: 
      objectReference: {fileID: 2100000, guid: 0bf93fe055180334d98f6be6a553a278, type: 2}
    - target: {fileID: 6332677485104691753, guid: b877027f78d315346b7f032f173e6e0a,
        type: 3}
      propertyPath: m_Mesh
      value: 
      objectReference: {fileID: 0}
    m_RemovedComponents: []
  m_SourcePrefab: {fileID: 100100000, guid: b877027f78d315346b7f032f173e6e0a, type: 3}
--- !u!4 &8334426611748283950 stripped
Transform:
  m_CorrespondingSourceObject: {fileID: 927384323073419144, guid: b877027f78d315346b7f032f173e6e0a,
    type: 3}
  m_PrefabInstance: {fileID: 9184933078754066854}
  m_PrefabAsset: {fileID: 0}
